@Misc{tmx,
  title = 	 {{TMX map format}},
  howpublished = {{\url{https://github.com/bjorn/tiled/wiki/TMX-Map-Format}}},
  note = 	 {{[Online; accessed on \date{\today}]}}
}

@Misc{tiled,
  title = 	 {{Tiled Map Editor}},
  howpublished = {{\url{http://www.mapeditor.org/}}},
  note = 	 {{[Online; accessed on \date{\today}]}}
}
